<record><leader>00000cas a22000007a 4500</leader><controlfield tag="001">2254725</controlfield><controlfield tag="008">760620d18831884nduwr ne      0    0eng d</controlfield><controlfield tag="009">501</controlfield><datafield ind1=" " ind2=" " tag="010"><subfield code="a">sn 88076707 </subfield></datafield><datafield ind1=" " ind2=" " tag="040"><subfield code="a">MUL</subfield><subfield code="b">eng</subfield><subfield code="c">MUL</subfield><subfield code="d">NOP</subfield><subfield code="d">OCL</subfield></datafield><datafield ind1=" " ind2=" " tag="042"><subfield code="a">msc</subfield></datafield><datafield ind1="0" ind2="4" tag="245"><subfield code="a">The Garfield gazette.</subfield></datafield><datafield ind1=" " ind2=" " tag="260"><subfield code="a">Garfield, Walsh County, Dakota [N.D.] :</subfield><subfield code="b"> W.W. Gilbert,</subfield></datafield><datafield ind1=" " ind2=" " tag="300"><subfield code="a">2 v. :</subfield><subfield code="b">ill. ;</subfield></datafield><datafield ind1=" " ind2=" " tag="310"><subfield code="a">Weekly</subfield></datafield><datafield ind1="0" ind2=" " tag="362"><subfield code="a">Vol. 1, no. 1 (June 14, 1883)-v.2, no. 10 (Aug. 14, 1884).</subfield></datafield><datafield ind1=" " ind2=" " tag="530"><subfield code="a">Available on microfilm from the State Historical Society of North Dakota.</subfield></datafield><datafield ind1=" " ind2=" " tag="752"><subfield code="a">United States</subfield><subfield code="b">North Dakota</subfield><subfield code="c">Walsh</subfield><subfield code="d">Garfield.</subfield></datafield><datafield ind1="0" ind2="0" tag="785"><subfield code="a">Kensington gazette (Kensington, N.D.)</subfield></datafield></record>